@inproceedings{Zuliani04,
  author    = {M. Zuliani and C. S. Kenney and S. Bhagavathy and B. S. Manjunath},
  title     = {Drums and Curve Descriptors},
  booktitle = {British Machine Vision Conference},
  location  = {Kingston University, London, UK},
  month     = {Sep},
  year      = {2004},
  url       = {http://vision.ece.ucsb.edu/publications/04BMVCMarco.pdf}
}


@article{KhabouHR07,
  added-at = {2009-02-05T00:00:00.000+0100},
  author = {Khabou, Mohamed A. and Hermi, Lotfi and Rhouma, Mohamed Ben Hadj},
  biburl = {http://www.bibsonomy.org/bibtex/27c083b95b2bfc3cde6567459d00b3677/dblp},
  date = {2009-02-05},
  description = {dblp},
  ee = {http://dx.doi.org/10.1016/j.patcog.2006.01.002},
  interhash = {1d4add172255a2346c2858b016eb7724},
  intrahash = {7c083b95b2bfc3cde6567459d00b3677},
  journal = {Pattern Recognition},
  keywords = {dblp},
  number = 1,
  pages = {141-153},
  timestamp = {2009-02-06T11:33:34.000+0100},
  title = {Shape recognition using eigenvalues of the Dirichlet Laplacian.},
  url = {http://dblp.uni-trier.de/db/journals/pr/pr40.html#KhabouHR07},
  volume = 40,
  year = 2007
}

@article{kac1966can,
  title={Can one hear the shape of a drum?},
  author={Kac, Mark},
  journal={American Mathematical Monthly},
  pages={1--23},
  year={1966},
  publisher={JSTOR}
}